@article{slofstra_embedding,
author = {Slofstra, William},
year = {2016},
month = {06},
title = {Tsirelson's problem and an embedding theorem for groups arising from non-local games},
journal = {Journal of the American Mathematical Society},
doi = {10.1090/jams/929}
}